@book{chen2012introduction,
  title={Introduction to plasma physics},
  author={Chen, Francis F},
  year={2012},
  publisher={Springer Science \& Business Media}
}

@article{ritz1989fluctuation,
  title={Fluctuation-induced energy flux in the tokamak edge},
  author={Ritz, Ch P and Bravenec, RV and Schoch, PM and Bengtson, RD and Boedo, JA and Forster, JC and Gentle, KW and He, Y and Hickok, RL and Kim, YJ and others},
  journal={Physical review letters},
  volume={62},
  number={16},
  pages={1844},
  year={1989},
  publisher={APS}
}

@phdthesis{grenfell2016estudo,
  title={Estudo de efeitos da polariza{\c{c}}{\~a}o eletrost{\'a}tica perif{\'e}rica no Tokamak {TCABR}},
  author={Grenfell, Gustavo Guedes},
  year={2016},
  school={Universidade de S{\~a}o Paulo}
}

@article{horton1985onset,
  title={Onset of stochasticity and the diffusion approximation in drift waves},
  author={Horton, Wendell},
  journal={Plasma Physics and Controlled Fusion},
  volume={27},
  number={9},
  pages={937},
  year={1985},
  publisher={IOP Publishing}
}

@book{wesson2011tokamaks,
  title={Tokamaks},
  author={Wesson, John and Campbell, David J},
  volume={149},
  year={2011},
  publisher={Oxford university press}
}

@article{kleva1984stochastic,
  title={Stochastic E$\times$ B particle transport},
  author={Kleva, Robert G and Drake, JF},
  journal={The Physics of fluids},
  volume={27},
  number={7},
  pages={1686--1698},
  year={1984},
  publisher={American Institute of Physics}
}

@article{marcusblocking,
  title={BLOCKING RADIAL TRANSPORT IN A DRIFT WAVE MODEL},
  author={Marcus, FA and Martins, Caroline GL and Caldas, IL and de Carvalho, R Egydio}
}


@Article{        numpy,
 title         = {Array programming with {NumPy}},
 author        = {Charles R. Harris and K. Jarrod Millman and St{\'{e}}fan J.
                 van der Walt and Ralf Gommers and Pauli Virtanen and David
                 Cournapeau and Eric Wieser and Julian Taylor and Sebastian
                 Berg and Nathaniel J. Smith and Robert Kern and Matti Picus
                 and Stephan Hoyer and Marten H. van Kerkwijk and Matthew
                 Brett and Allan Haldane and Jaime Fern{\'{a}}ndez del
                 R{\'{i}}o and Mark Wiebe and Pearu Peterson and Pierre
                 G{\'{e}}rard-Marchant and Kevin Sheppard and Tyler Reddy and
                 Warren Weckesser and Hameer Abbasi and Christoph Gohlke and
                 Travis E. Oliphant},
 year          = {2020},
 month         = sep,
 journal       = {Nature},
 volume        = {585},
 number        = {7825},
 pages         = {357--362},
 doi           = {10.1038/s41586-020-2649-2},
 publisher     = {Springer Science and Business Media {LLC}},
 url           = {https://doi.org/10.1038/s41586-020-2649-2}
}

@book{Python3,
 author = {Van Rossum, Guido and Drake, Fred L.},
 title = {Python 3 Reference Manual},
 year = {2009},
 isbn = {1441412697},
 publisher = {CreateSpace},
 address = {Scotts Valley, CA}
} 

@ARTICLE{SciPy,
  author  = {Virtanen, Pauli and Gommers, Ralf and Oliphant, Travis E. and
            Haberland, Matt and Reddy, Tyler and Cournapeau, David and
            Burovski, Evgeni and Peterson, Pearu and Weckesser, Warren and
            Bright, Jonathan and {van der Walt}, St{\'e}fan J. and
            Brett, Matthew and Wilson, Joshua and Millman, K. Jarrod and
            Mayorov, Nikolay and Nelson, Andrew R. J. and Jones, Eric and
            Kern, Robert and Larson, Eric and Carey, C J and
            Polat, {\.I}lhan and Feng, Yu and Moore, Eric W. and
            {VanderPlas}, Jake and Laxalde, Denis and Perktold, Josef and
            Cimrman, Robert and Henriksen, Ian and Quintero, E. A. and
            Harris, Charles R. and Archibald, Anne M. and
            Ribeiro, Ant{\^o}nio H. and Pedregosa, Fabian and
            {van Mulbregt}, Paul and {SciPy 1.0 Contributors}},
  title   = {{{SciPy} 1.0: Fundamental Algorithms for Scientific
            Computing in Python}},
  journal = {Nature Methods},
  year    = {2020},
  volume  = {17},
  pages   = {261--272},
  adsurl  = {https://rdcu.be/b08Wh},
  doi     = {10.1038/s41592-019-0686-2},
}

% especificaçoes do JET
@article{jet1992fusion,
  title={Fusion energy production from a deuterium-tritium plasma in the JET tokamak},
  author={Jet Team and others},
  journal={Nuclear Fusion},
  volume={32},
  number={2},
  pages={187},
  year={1992},
  publisher={IOP Publishing}
}

% especificaçoes do TCABR
@article{saettone2002magnetic,
  title={Magnetic coil system for the TCABR tokamak},
  author={Saettone, EA and Vannucci, A and Degasperi, Francisco Tadeu and Galv{\~a}o, Ricardo Magnus Osorio and Kuznetsov, Y and Sanada, Edson Kenzo and Nascimento, Ivan Cunha},
  journal={Brazilian journal of physics},
  volume={32},
  pages={30--33},
  year={2002},
  publisher={SciELO Brasil}
}


% 
@article{holtkamp2007overview,
  title={An overview of the ITER project},
  author={Holtkamp, Norbert and others},
  journal={Fusion Engineering and Design},
  volume={82},
  number={5-14},
  pages={427--434},
  year={2007},
  publisher={Elsevier}
}

@misc{davidson2002introduction,
  title={An introduction to magnetohydrodynamics},
  author={Davidson, Peter Alan},
  year={2002},
  publisher={American Association of Physics Teachers}
}

@book{salinas1997introduccao,
  title={Introdu{\c{c}}{\~a}o a f{\'\i}sica estat{\'\i}stica vol. 09},
  author={Salinas, S{\'\i}lvio RA},
  year={1997},
  publisher={Edusp}
}

@article{rom1999universal,
  title={Universal properties of chaotic transport in the presence of diffusion},
  author={Rom-Kedar, Vered and Poje, AC},
  journal={Physics of Fluids},
  volume={11},
  number={8},
  pages={2044--2057},
  year={1999},
  publisher={American Institute of Physics}
}


@article{shlesinger1993strange,
  title={Strange kinetics},
  author={Shlesinger, Michael F and Zaslavsky, George M and Klafter, Joseph},
  journal={Nature},
  volume={363},
  number={6424},
  pages={31--37},
  year={1993},
  publisher={Nature Publishing Group}
}

@article{lorenz1963deterministic,
  title={Deterministic nonperiodic flow},
  author={Lorenz, Edward N},
  journal={Journal of atmospheric sciences},
  volume={20},
  number={2},
  pages={130--141},
  year={1963}
}


@article{uchaikin2003self,
  title={Self-similar anomalous diffusion and Levy-stable laws},
  author={Uchaikin, Vladimir V},
  journal={Physics-Uspekhi},
  volume={46},
  number={8},
  pages={821},
  year={2003},
  publisher={IOP Publishing}
}

 @misc{ritchie_roser_rosado_2020,
    title={Energy production and consumption}, 
    url={https://ourworldindata.org/energy-production-consumption}, journal={Our World in Data}, 
    author={Ritchie, Hannah and Roser, Max and Rosado, Pablo}, 
    year={2020}, 
    month={Nov},
    note = "Online; acessado 5 de Setembro 2022"
} 

@article{doney2009ocean,
  title={Ocean acidification: the other {CO$_2$} problem},
  author={Doney, Scott C and Fabry, Victoria J and Feely, Richard A and Kleypas, Joan A},
  journal={Annual review of marine science},
  volume={1},
  pages={169--192},
  year={2009},
  publisher={Annual Reviews}
}


@article{mitchell1989greenhouse,
  title={The “greenhouse” effect and climate change},
  author={Mitchell, John FB},
  journal={Reviews of Geophysics},
  volume={27},
  number={1},
  pages={115--139},
  year={1989},
  publisher={Wiley Online Library}
}

@book{levin2008aerosol,
  title={Aerosol pollution impact on precipitation: a scientific review},
  author={Levin, Zev and Cotton, William R},
  year={2008},
  publisher={Springer Science \& Business Media}
}

@article{priego2005anomalous,
  title={Anomalous diffusion, clustering, and pinch of impurities in plasma edge turbulence},
  author={Priego,  and Garcia, OE and Naulin, V and Rasmussen, J Juul},
  journal={Physics of plasmas},
  volume={12},
  number={6},
  pages={062312},
  year={2005},
  publisher={American Institute of Physics}
}
