@article{chirikov1979universal,
  title={A universal instability of many-dimensional oscillator systems},
  author={Chirikov, Boris V},
  journal={Physics reports},
  volume={52},
  number={5},
  pages={263--379},
  year={1979},
  publisher={Elsevier}
}

@article{ishizaki1991anomalous,
  title={Anomalous diffusion due to accelerator modes in the standard map},
  author={Ishizaki, Ryuji and Horita, Takehiko and Kobayashi, Tatsuharu and Mori, Hazime},
  journal={Progress of theoretical physics},
  volume={85},
  number={5},
  pages={1013--1022},
  year={1991},
  publisher={Oxford University Press},
  
}

@book{gonzales1987digital,
  title={Digital image processing},
  author={Gonzales, Rafael C and Wintz, Paul},
  year={1987},
  publisher={Addison-Wesley Longman Publishing Co., Inc.},
  address={Boston}
  
}

@book{klages2008anomalous,
  title={Anomalous transport},
  author={Klages, Rainer and Radons, G{\"u}nter and Sokolov, Igor Mihajlovi{\v{c}}},
  year={2008},
  publisher={Wiley Online Library},
  address={London}
}
